@article{minsker2017estimation,
  title={Estimation of the covariance structure of heavy-tailed distributions},
  author={Minsker, S. and Wei, X.},
  journal={arXiv preprint arXiv:1708.00502},
  year={2017}
}

@article{hao2019bootstrapping,
  title={Bootstrapping upper confidence bound},
  author={Hao, B. and Abbasi Yadkori, Y. and Wen, Zh. and Cheng, G.},
  journal={Advances in neural information processing systems},
  volume={32},
  year={2019}
}

@book{tsybakov2009introduction,
  title={Introduction to Nonparametric Estimation},
  author={Tsybakov, A. B.},
  year={2009},
  publisher={Springer}
}

@article{lama2000,
  title={Adaptive estimation of a quadratic functional by model selection},
  author={Laurent, B. and Massart, P.},
  journal = "The Annals of Statistics",
  pages="1302--1338",
  volume="28",
  number="5",
  year="2000",
  publisher="Institute of Mathematical Statistics"
}

@article{huber1964robust,
  author = {Peter J. Huber},
  title = {{Robust Estimation of a Location Parameter}},
  volume = {35},
  journal = {The Annals of Mathematical Statistics},
  number = {1},
  publisher = {Institute of Mathematical Statistics},
  pages = {73 -- 101},
  year = {1964},
  doi = {10.1214/aoms/1177703732},
  URL = {https://doi.org/10.1214/aoms/1177703732}
}

@book{nesterov2013introductory,
  title={Introductory lectures on convex optimization: {A} basic course},
  author={Nesterov, Y.},
  volume={87},
  year={2013},
  publisher={Springer Science \& Business Media}
}